<?xml version="1.0" encoding="UTF-8"?><collection xmlns="http://www.loc.gov/MARC21/slim"><record><leader>00528nam--2200193-u-4500</leader><controlfield tag="001">000053784</controlfield><controlfield tag="002">20161230</controlfield><controlfield tag="005">20161230201051</controlfield><controlfield tag="008">110621s1000------------r-----000-0-rus-d</controlfield><datafield ind1=" " ind2=" " tag="040"><subfield code="a">IFIN-HH</subfield></datafield><datafield ind1=" " ind2=" " tag="041"><subfield code="a">rus</subfield></datafield><datafield ind1=" " ind2=" " tag="080"><subfield code="a">537.874.6</subfield></datafield><datafield ind1="1" ind2=" " tag="100"><subfield code="a">Kurusin, E.P</subfield></datafield><datafield ind1="1" ind2="0" tag="245"><subfield code="a">Difraktia elektromagnitnih voln na anizotropnih strukturah</subfield><subfield code="c">E.p. kurusin; e.i. nefedov; a.t. fialkovskii</subfield></datafield><datafield ind1=" " ind2=" " tag="260"><subfield code="a">Moskva</subfield><subfield code="b">Nauka</subfield><subfield code="c">1975</subfield></datafield><datafield ind1=" " ind2=" " tag="300"><subfield code="a">196P</subfield></datafield><datafield ind1="1" ind2=" " tag="700"><subfield code="a">Fialkovskii, A.T</subfield></datafield><datafield ind1=" " ind2=" " tag="852"><subfield code="a">43262</subfield><subfield code="c">527:538</subfield></datafield><datafield ind1=" " ind2=" " tag="CAT"><subfield code="a">Sys</subfield><subfield code="c">20110621</subfield><subfield code="h">113119</subfield></datafield></record></collection>